
% Esse não é um modelo definivo de referências.
% Para mais informações acesse
% https://en.wikibooks.org/wiki/LaTeX/Bibliography_Management

@book{SIAM,
  title={Dynamic noncooperative game theory},
  author={Basar, Tamer and Olsder, Geert Jan and Clsder, GJ and Basar, T and Baser, T and Olsder, Geert Jan},
  volume={200},
  year={1995},
  publisher={SIAM}
}

 @misc{wiki,
   author = "Wikipedia",
   title = "LaTeX --- Wikipedia{,} The Free Encyclopedia",
   howpublished = "\url{https://en.wikipedia.org/wiki/LaTeX}",
   note = "[Acesso em 25 dez. de 2015]"
 }
 
 @misc{latex,
  author = {Wikibooks},
  title = {{Bibliography Management}},
  howpublished = "\url{https://en.wikibooks.org/wiki/LaTeX/Bibliography_Management}",
  note = "[Acesso em 29 jan. de 2015]"
}